@article{Baron2008,
  author  = {Luc Baron},
  title   = {Topology of Serial and Parallel Manipulators and Topological Diagrams},
  journal = {Mechanism and Machine Theory},
  year    = {2008},
  volume  = {43},
  number  = {2},
  doi     = {10.1016/j.mechmachtheory.2007.04.003}
}
@book{Craig2005,
  author    = {John J. Craig},
  title     = {Introduction to Robotics: Mechanics and Control},
  publisher = {Pearson/Prentice Hall},
  year      = {2005},
  edition   = {3},
  address   = {Upper Saddle River, NJ},
  isbn      = {978-0-13-123629-5}
}
@book{Merlet2006,
  author    = {Jean-Pierre Merlet},
  title     = {Parallel Robots},
  publisher = {Springer},
  year      = {2006},
  edition   = {2},
  series    = {Solid Mechanics and Its Applications},
  volume    = {128}
}
@book{Tsai1999,
  author    = {L. W. Tsai},
  title     = {Robot Analysis: The Mechanics of Serial and Parallel Manipulators},
  publisher = {Wiley},
  year      = {1999}
}
@book{Hunt1978,
  author    = {Kenneth H. Hunt},
  title     = {Kinematic Geometry of Mechanisms},
  publisher = {Oxford University Press},
  year      = {1978}
}
@book{McCarthy2000,
  author    = {J. Michael McCarthy and Gim Song Soh},
  title     = {Geometric Design of Linkages},
  publisher = {Springer},
  year      = {2000},
  series    = {Interdisciplinary Applied Mathematics},
  volume    = {11}
}
@book{Spong2006,
  author       = {Spong, Mark W. and Hutchinson, Seth and Vidyasagar, M.},
  title        = {Robot Modeling and Control},
  edition      = {1},
  year         = {2006},
  publisher    = {John Wiley \& Sons},
  address      = {Hoboken, NJ},
  isbn         = {978-0-471-64990-8},
  note         = {First Edition}
}
@book{Murray1994,
  author       = {Murray, Richard M. and Li, Zexiang and Sastry, S. Shankar},
  title        = {A Mathematical Introduction to Robotic Manipulation},
  year         = {1994},
  publisher    = {CRC Press},
  address      = {Boca Raton, FL},
  isbn         = {978-0849379819}
}
@book{Featherstone2014,
  author       = {Featherstone, Roy},
  title        = {Rigid Body Dynamics Algorithms},
  edition      = {2},
  year         = {2014},
  publisher    = {Springer},
  address      = {New York},
  isbn         = {978-1493903339}
}
@book{Asada2022,
  author       = {Asada, H. Harry},
  title        = {Introduction to Robotics: Mechanics and Control},
  edition      = {1},
  year         = {2022},
  publisher    = {MIT Press},
  address      = {Cambridge, MA},
  isbn         = {978-0262542583},
  note         = {Chapter 7: Dynamics}
}
@book{Khalil2002,
  author    = {Hassan K. Khalil},
  title     = {Nonlinear Systems},
  edition   = {3rd},
  publisher = {Prentice Hall},
  year      = {2002},
}

@inproceedings{Pratt1995,
  author    = {George A. Pratt and Matthew M. Williamson},
  title     = {Series Elastic Actuators},
  booktitle = {Proceedings of the IEEE/RSJ International Conference on Intelligent Robots and Systems},
  year      = {1995},
  pages     = {399--406},
}